@techreport{UML2.5.1,
  title        = {{OMG Unified Modeling Language (OMG UML), Version 2.5.1}},
  institution  = {Object Management Group},
  year         = {2017},
  url          = {https://www.omg.org/spec/UML/},
  note         = {Disponible en línea},
}


@online{overleaf2024,
  author       = {{Overleaf}},
  title        = {Overleaf, Online LaTeX Editor},
  year         = {2024},
  url          = {https://www.overleaf.com},
  note         = {Accedido el 10 de abril de 2025}
}

@online{staruml2024,
  author       = {{Visual Paradigm International Ltd.}},
  title        = {Visual Paradigm – Visual Modeling and Agile Development Tools},
  year         = {2024},
  url          = {https://www.visual-paradigm.com},
  note         = {Accedido el 10 de abril de 2025}
}

@online{figma2024,
  author       = {{Figma Inc.}},
  title        = {Figma – Collaborative Interface Design Tool},
  year         = {2024},
  url          = {https://www.figma.com},
  note         = {Accedido el 13 de abril de 2025}
}